%% This BibTeX bibliography file was created using BibDesk.
%% http://bibdesk.sourceforge.net/

%% Created for PaulDrautzburg at 2017-06-22 22:50:11 +0200 


%% Saved with string encoding Unicode (UTF-8) 



@article{dock:1,
	Author = {Tianon Gravi},
	Date-Added = {2017-06-22 20:48:19 +0000},
	Date-Modified = {2017-06-22 20:50:11 +0000},
	Lastchecked = {22.06.2017},
	Title = {GitHub},
	Url = {https://github.com/docker-library/rabbitmq/blob/a6cb36022a5c1a17df78cfafe45a73d941ad4eb8/3.6},
	Year = {2017}}

@article{12:fac,
	Author = {Adam Wiggins},
	Date-Added = {2017-06-22 20:31:43 +0000},
	Date-Modified = {2017-06-22 20:35:28 +0000},
	Lastchecked = {22.06.2017},
	Title = {12 Faktor-App},
	Url = {https://12factor.net/de/},
	Year = {2012}}
